@misc{library_framework_engine_difference,
	year = {2015},
	title = {GameDev Glossary: Library Vs Framework Vs Engine},
	howpublished = {\url{https://gamefromscratch.com/gamedev-glossary-library-vs-framework-\\vs-engine/}},
	note = {dostęp 12 grudnia 2022},
    author = {GameDev Glossary}
}

@misc{godot_description,
	year = {2019},
	title = {Wiążesz przyszłość z Game Devem? Nie uzależniaj się od Godota},
	howpublished = {\url{https://dailyweb.pl/wiazesz-przyszlosc-z-game-devem-nie-uzalezniaj-\\sie-od-godota/}},
	note = {dostęp 12 grudnia 2022},
	author = {Adrian Jaworek}
}

@misc{polish_gamers_research,
	year = {2021},
	title = {Kondycja Polskiej Branży Gier 2020 },
	howpublished = {\url{https://polishgamers.com/wp-content/uploads/2021/01/Raport_2021_long_20201222_web.pdf}},
	note = {dostęp 17 grudnia 2022},
	author = {Michał Bobrowski, Patrycja Rodzińska-Szary, Przemysław Włodarski}
 }

@misc{engine_comparison,
	year = {2022},
	title = {Unreal Engine vs. Unity 3D: Which Engine is Best Choice for Your Game?},
	howpublished = {\url{https://irendering.net/unreal-engine-vs-unity-\\3d-which-engine-is-best-choice-for-your-game/}},
	note = {dostęp 8 stycznia 2023},
	author = {Starloop Studios}
}

@misc{how_vr_works,
    year = {2015},
	title = {How Virtual Reality Works},
    note = {dostęp 29 stycznia 2023},
	author = {Jonathan Strickland}
}

@Book{level_design,
	title = {Inżynieria Gier. Level design dla początkujących},
	author = {Jacek Wesołowski},
	year = {2016},
	publisher = {Wonderland Engineering}
}

@misc{oculus_examples,
    title = {Get started developing VR Apps with Unity},
	note = {dostęp 07 lutego 2023},
	author = {Meta}
}

@Book{luminous_efficiency_function,
	title = {Parameter values for the HDTV standards for production and international programme exchange},
	author = {International Telecommunication Union},
	year = {2015},
	publisher = {International Telecommunication Union}
}

@book{klein_2016_instinct,
  title={Instinct Combat Shooting: Defensive Handgunning for Police},
  author={Klein, Chuck},
  year={2016},
  publisher={Routledge}
}

@misc{occlusion_culling_methods,
    year = {2001},
    title = {Occlusion Culling Methods},
    note = {dostęp 19 lutego 2023},
    author = {Heinrich Hey, Werner Purgathofer}
}

@book{schwab_enemy_design,
  title={AI game engine programming},
  author={Schwab, Brian and Schwab, Brian},
  year={2004},
  publisher={Charles River Media Hingham}
}



@book{Cognition,
  title={Cognition and emotion: From order to disorder},
  author={Power, Mick and Dalgleish, Tim},
  year={2015},
  publisher={Psychology press}
}

@article{False_Fear_Response,
  title={What Are You So Scared About?: Understanding the False Fear Response to Horror Films},
  author={Seyler, Sarah},
  journal={NC DOCS},
  year={2019}
}

@article{kubicka2010tam,
  title={Tam, gdzie czai się zło. Przestrzeń w horrorze jako mechanizm budzenia strachu},
  author={Kubicka, Halina},
  journal={Literatura i Kultura Popularna},
  year={2010}
}

@misc{Kolor_w_kinie,
	year = {2022},
	title = {{Kolor w kinie: znaczenie koloru w kultowych filmach}},
	howpublished = {\url{ https://naekranie.pl/artykuly/kolor-w-kinie-teoria-koloru-\\w-kultowych-filmach/}},
	note = {dostęp 29.01.2023},
	author = {Klaudia Woźniak}}
 
 @misc{ Kolor_w_roli_głównej,
	year = {2021},
	title = {{Kolor w roli głównej. Filmy, w których paleta barw bryluje na pierwszym planie}},
	howpublished = {\url{ https://papaya.rocks/pl/opinions/kolor-w-roli-glownej-\\filmy-w-ktorych-paleta-barw-bryluje-na}},
	note = {dostęp 02.02.2023},
	author = {Natalia Czekaj}}
 
 @book{music2009,
  title={Music in the horror film: Listening to fear},
  author={Lerner, Neil},
  year={2009},
  publisher={Routledge}
}
@book{benjaminson2012mary,
  title={Mary Wells: The Tumultuous Life of Motown's First Superstar},
  author={Benjaminson, Peter},
  year={2012},
  publisher={Chicago Review Press}
}

%http://algorithmancy.8kindsoffun.com/
@article{leblanc2004mechanics,
  title={Mechanics, dynamics, aesthetics: a formal approach to game design},
  author={LeBlanc, Marc and others},
  journal={lecture at Northwestern University},
  year={2004}

}
@book{psychology,
  title={The psychology of video games},
  author={Hodent, Celia},
  year={2020},
  publisher={Routledge}
}

@book{Horror,
  title={Potworna wiedza. Horror w badaniach kulturowych},
  author={Brzostek D., Kobus A., Markocki M.},
  year={2016},
  publisher={Wydawnictwo Naukowe Uniwersytetu Mikołaja Kopernika}
}

@article{fearVR,
  title={Fear in virtual reality (VR): Fear elements, coping reactions, immediate and next-day fright responses toward a survival horror zombie virtual reality game},
  author={Lin, Jih-Hsuan Tammy},
  journal={Computers in Human Behavior},
  volume={72},
  pages={350--361},
  year={2017},
  publisher={Elsevier}
}

@misc{Causing_fear,
	year = {2010},
	title ={ Causing fear, suspense, and anxiety using sound design in computer games. Game Sound Technology and Player Interaction: Concepts and Developments, M. Grimshaw, Ed},
	howpublished = {\url{https://www.academia.edu/29982288/Causing_Fear_Suspense_and_Anxiety_using_Sound_Design_in_Computer_Games/}},
	note = {dostęp 12 grudnia 2022},
	author = {IGI Global}
}

%https://nofilmschool.com/2018/10/horror-lighting-101-how-use-uplighting-fresh-new-ways-scare-your-audience

%https://mobilni.pl/kolory-w-filmie/

%https://fotodioxpro.com/blogs/news/the-horror-color-wheel-the-color-lighting-used-in-horror
%Oct 22, 2021 Angel A

%https://www.ep.com/blog/designing-for-horror-friday-the-13th/
%13 sierpnia 2021

%https://naekranie.pl/artykuly/budowanie-nastroju-grozy-w-kinie-jak-to-robic-dobrze-i-jakie-bledy-popelniaja-filmowcy-3279461


